@article{biederman1987,
  author={Irvimg Biederman},
  title={Recognition-by-Components: A Theory of Human Image Understanding},
  journal={Psychological Review},
  volume={94},
  number={2},
  year={1987},
  pages={115--147}
}

@article{chi1998,
  author={Zhiyi Chi and Stuart Geman},
  title={Estimation of probabilistic context-free grammar},
  journal={Computational Linguistics},
  volume={24},
  number={2},
  year={1998},
  pages={299--305}
}
