@article{biederman1987,
  author={Irvimg Biederman},
  title={Recognition-by-Components: A Theory of Human Image Understanding},
  journal={Psychological Review},
  volume={94},
  number={2},
  year={1987},
  pages={115--147}
}

@article{chi1998,
  author={Zhiyi Chi and Stuart Geman},
  title={Estimation of probabilistic context-free grammar},
  journal={Computational Linguistics},
  volume={24},
  number={2},
  year={1998},
  pages={299--305}
}

@article{barbu2005,
  author={Adrian Barbu and Song-Chun Zhu},
  title={Generalizing Sweden-Wang to Sampling Arbitrary Posterior Probabilities},
  journal={IEEE Transactions on Pattern Analysis and Machine Intelligence},
  volume={27},
  number={8},
  year={2005},
  pages={1239--1253}
}

@article{wang2008,
  author={Yizhou Wang and Song-Chun Zhu},
  title={Perceptual Scale-space and Its Applications},
  journal={International Journal of Computer Vision},
  volume={80},
  number={1},
  year={2008},
  pages={143--1165}
}

@article{wu2008,
  author={Ying Nian Wu and Gui-Song Xia and Song-Chun Zhu},
  title={Perceptual Scale-space and Its Applications},
  journal={CVPR},
  year={2007},
  pages={1--8}
}
