@article{zhiyichi1998,
  author={Zhiyi Chi and Stuart Geman},
  title={Estimation of probabilistic context-free grammar},
  journal={Computational Linguistics},
  volume={24},
  number={2},
  year={1998},
  pages={299--305}
}
